

@PhdThesis{henrich,
author = {N. Henrich},
title = {Etude de la source glottique en voix parlée et chantée},
school = {Université Pierre et Marie Curie},
year = {2001},
}

@InProceedings{pelorson,
author = {X. Pelerson},
title = {Cordes vocales et lèvres vibrantes},
year = {2004},
address = {Paris},
month = {juillet},
organization = {Conférence SFA },
}

@InProceedings{garnier1,
author = {M. Garnier and D. Dubois and J. Poitevineau and N. Henrich and M. Castellengo},
title = {Perception et description verbale de la qualité vocale dans le chant lyrique : une approche cognitive},
year = {2004},
address = {Fez},
organization = {Journées d'Études sur la Parole},
}

@Booklet{charbit,
title = {Bases de Traitement du signal},
author = {M. Charbit},
howpublished = {Cours de DEA},
address = {ENST, Paris},
year = {2004},
}

@Booklet{laroche,
title = {Traitement des Signaux Audio-Fréquences},
author = {J. Laroche},
howpublished = {Cours de DEA},
address = {ENST, Paris},
year = {1995},
}

@Booklet{heiser,
title = {Traitement du signal},
author = {T. Heiser},
howpublished = {Support de cours},
address = {UFR Sciences Physiques, Université Louis Pasteur, Strasbourg},
}

@Booklet{feng,
title = {Traitement du signal},
author = {M. Feng},
howpublished = {Support de cours},
address = {ENSERG. INP Grenoble},
year = {2000},
}

@Booklet{fallon,
title = {Traitement du signal},
author = {M. Fallon},
howpublished = {Support de cours},
address = {ENSAM, Lille},
year = {1997},
}

@Booklet{matignon,
title = {Traitement du signal},
author = {D. Matignon},
howpublished = {Support de cours},
address = {ENST, Paris},
year = {2000},
}


